@article{McDermott2021,
  title = {A Graph-Based Network for Predicting Chemical Reaction Pathways in Solid-State Materials Synthesis},
  author = {McDermott, Matthew J. and Dwaraknath, Shyam S. and Persson, Kristin A.},
  year = {2021},
  month = may,
  journal = {Nature Communications},
  volume = {12},
  number = {1},
  pages = {3097},
  publisher = {{Nature Publishing Group}},
  issn = {2041-1723},
  doi = {10.1038/s41467-021-23339-x},
  langid = {english},
}
